<?xml version="1.0" encoding="UTF-8"?><collection xmlns="http://www.loc.gov/MARC21/slim"><record><leader>00525nam--2200181-i-4500</leader><controlfield tag="001">000003476</controlfield><controlfield tag="002">20161230</controlfield><controlfield tag="005">20161230201025</controlfield><controlfield tag="008">060222s1000------------r-----000-0-fre-d</controlfield><datafield ind1=" " ind2=" " tag="040"><subfield code="a">IFIN-HH</subfield></datafield><datafield ind1=" " ind2=" " tag="041"><subfield code="a">fre</subfield></datafield><datafield ind1=" " ind2=" " tag="080"><subfield code="a">537.533</subfield></datafield><datafield ind1="1" ind2=" " tag="100"><subfield code="a">Bergeret, Henri</subfield></datafield><datafield ind1="1" ind2="0" tag="245"><subfield code="a">Generation de chaleur dans une cathode a emission de champ supraconductrice par effet nottingham</subfield><subfield code="b">These</subfield><subfield code="c">Henri bergeret</subfield></datafield><datafield ind1=" " ind2=" " tag="260"><subfield code="a">Paris</subfield><subfield code="b">Universite Paris-sud</subfield><subfield code="c">1981</subfield></datafield><datafield ind1=" " ind2=" " tag="300"><subfield code="a">185P</subfield></datafield><datafield ind1=" " ind2=" " tag="852"><subfield code="a">71071</subfield><subfield code="c">537.533</subfield></datafield><datafield ind1=" " ind2=" " tag="CAT"><subfield code="a">Sys</subfield><subfield code="c">20110830</subfield><subfield code="h">134602</subfield></datafield></record></collection>